<?xml version="1.0" encoding="UTF-8"?>
<collection xmlns:xsi="http://www.w3.org/2001/XMLSchema-instance" xsi:schemaLocation="http://www.loc.gov/MARC21/slim http://www.loc.gov/standards/marcxml/schema/MARC21slim.xsd" xmlns="http://www.loc.gov/MARC21/slim">
<record>
  <leader>00778cam a22001931  4500</leader>
  <controlfield tag="001">2684671</controlfield>
  <controlfield tag="003">NNC</controlfield>
  <controlfield tag="005">20150920222859.0</controlfield>
  <controlfield tag="008">000926s1933    ua c          000 0 ara d</controlfield>
  <datafield tag="035" ind1=" " ind2=" ">
    <subfield code="a">(OCoLC)ocm45079367</subfield>
  </datafield>
  <datafield tag="035" ind1=" " ind2=" ">
    <subfield code="9">ARD4219CU</subfield>
  </datafield>
  <datafield tag="035" ind1=" " ind2=" ">
    <subfield code="a">(NNC)2684671</subfield>
  </datafield>
  <datafield tag="040" ind1=" " ind2=" ">
    <subfield code="a">ZCU</subfield>
    <subfield code="c">ZCU</subfield>
  </datafield>
  <datafield tag="099" ind1=" " ind2=" ">
    <subfield code="a">962</subfield>
    <subfield code="a">Ay99</subfield>
  </datafield>
  <datafield tag="100" ind1="1" ind2=" ">
    <subfield code="a">Ayyūbī, Ilyās.</subfield>
  </datafield>
  <datafield tag="245" ind1="1" ind2="0">
    <subfield code="a">Tārīkh Miṣr al-Islāmīyah min al-fatḥ al-ʻArabī sanata 640 m. ilā al-fatḥ al-ʻUthmānī sanata 1517 m.,</subfield>
    <subfield code="c">taʾlīf al-ustādh Ilyās al-Ayyūbī. Dawlat al-ʻArab fī Miṣr min sanat 20 h. ilā sanat 254 h. [al-khilāfāt al-thalāth: al-Rāshidah wa-al-Umawīyah wa-al-ʻAbbāsīyah]</subfield>
  </datafield>
  <datafield tag="260" ind1=" " ind2=" ">
    <subfield code="a">Miṣr[,</subfield>
    <subfield code="b">Maṭb. al-Raghāyib</subfield>
    <subfield code="c">1933]</subfield>
  </datafield>
  <datafield tag="300" ind1=" " ind2=" ">
    <subfield code="a">345, 3, 4 p.</subfield>
    <subfield code="b">port.</subfield>
  </datafield>
  <datafield tag="955" ind1=" " ind2=" ">
    <subfield code="b">0026812142</subfield>
    <subfield code="d">glx</subfield>
    <subfield code="e">962 Ay99</subfield>
  </datafield>
</record>
</collection>